<record><leader>00000cas a2200000 a 4500</leader><controlfield tag="001">794979198</controlfield><controlfield tag="006">m     o  d        </controlfield><controlfield tag="007">cr |||||||||||</controlfield><controlfield tag="008">120608d18271834tnuir neo     0    0eng c</controlfield><datafield ind1=" " ind2=" " tag="010"><subfield code="a">  2012263140</subfield></datafield><datafield ind1=" " ind2=" " tag="040"><subfield code="a">TXA</subfield><subfield code="b">eng</subfield><subfield code="c">TXA</subfield><subfield code="d">TXA</subfield><subfield code="d">OCLCA</subfield><subfield code="d">OCLCF</subfield><subfield code="d">OCLCQ</subfield></datafield><datafield ind1=" " ind2=" " tag="037"><subfield code="b">ProQuest, LLC, 789 E. Eisenhower Parkway, Ann Arbor, MI 48106-1346</subfield></datafield><datafield ind1=" " ind2=" " tag="042"><subfield code="a">pcc</subfield></datafield><datafield ind1=" " ind2=" " tag="043"><subfield code="a">n-us-tn</subfield></datafield><datafield ind1="0" ind2=" " tag="130"><subfield code="a">Nashville Republican &amp; state gazette (Nashville, Tenn. : Semiweekly)</subfield></datafield><datafield ind1="1" ind2="0" tag="245"><subfield code="a">Nashville Republican &amp; state gazette.</subfield></datafield><datafield ind1="1" ind2=" " tag="246"><subfield code="a">Nashville Republican and state gazette</subfield></datafield><datafield ind1="1" ind2=" " tag="246"><subfield code="a">Republican and state gazette</subfield><subfield code="f">&lt;July 1828&gt;</subfield></datafield><datafield ind1="1" ind2=" " tag="246"><subfield code="a">Republican and gazette</subfield></datafield><datafield ind1=" " ind2=" " tag="260"><subfield code="a">[Nashville, Tenn.] :</subfield><subfield code="b">[Hall &amp; Fitzgerald]</subfield></datafield><datafield ind1=" " ind2=" " tag="310"><subfield code="a">Triweekly,</subfield><subfield code="b">Nov. 30, 1830-1834</subfield></datafield><datafield ind1=" " ind2=" " tag="321"><subfield code="a">Semiweekly,</subfield><subfield code="b">July 24, 1827-Nov. 27, 1830</subfield></datafield><datafield ind1=" " ind2=" " tag="336"><subfield code="a">text</subfield><subfield code="b">txt</subfield><subfield code="2">rdacontent</subfield></datafield><datafield ind1=" " ind2=" " tag="337"><subfield code="a">computer</subfield><subfield code="b">c</subfield><subfield code="2">rdamedia</subfield></datafield><datafield ind1=" " ind2=" " tag="338"><subfield code="a">online resource</subfield><subfield code="b">cr</subfield><subfield code="2">rdacarrier</subfield></datafield><datafield ind1="1" ind2=" " tag="362"><subfield code="a">Print began July 1827; ceased with: Vol. 10, no. 81 (Nov. 13, 1834).</subfield></datafield><datafield ind1=" " ind2=" " tag="500"><subfield code="a">Publisher: Allen A. Hall &lt;1831&gt;-1834.</subfield></datafield><datafield ind1=" " ind2=" " tag="580"><subfield code="a">Weekly eds.: Nashville Republican &amp; state gazette (Nashville, Tenn. : Weekly), &lt;1827&gt;-1832, and; Nashville Republican (Nashville, Tenn. : 1833 : Weekly), &lt;1833&gt;-1834.</subfield></datafield><datafield ind1=" " ind2=" " tag="588"><subfield code="a">Description based on: Vol. 9, no. 112 (Jan. 28, 1834); title from PDF pg. 1 banner (ProQuest, viewed June 7, 2012).</subfield></datafield><datafield ind1=" " ind2=" " tag="588"><subfield code="a">Latest issue consulted: Vol. 10, no. 81 (Nov. 13, 1834) (ProQuest, viewed June 7, 2012).</subfield></datafield><datafield ind1=" " ind2="0" tag="651"><subfield code="a">Davidson County (Tenn.)</subfield><subfield code="v">Newspapers.</subfield></datafield><datafield ind1=" " ind2="0" tag="651"><subfield code="a">Nashville (Tenn.)</subfield><subfield code="v">Newspapers.</subfield></datafield><datafield ind1=" " ind2="7" tag="651"><subfield code="a">Tennessee</subfield><subfield code="z">Davidson County.</subfield><subfield code="2">fast</subfield><subfield code="0">(OCoLC)fst01205346</subfield></datafield><datafield ind1=" " ind2="7" tag="651"><subfield code="a">Tennessee</subfield><subfield code="z">Nashville.</subfield><subfield code="2">fast</subfield><subfield code="0">(OCoLC)fst01204195</subfield></datafield><datafield ind1=" " ind2="7" tag="655"><subfield code="a">Newspapers.</subfield><subfield code="2">fast</subfield><subfield code="0">(OCoLC)fst01423814</subfield></datafield><datafield ind1=" " ind2=" " tag="752"><subfield code="a">United States</subfield><subfield code="b">Tennessee</subfield><subfield code="c">Davidson</subfield><subfield code="d">Nashville.</subfield></datafield><datafield ind1="1" ind2=" " tag="775"><subfield code="t">Nashville Republican &amp; state gazette (Nashville, Tenn. : Weekly)</subfield></datafield><datafield ind1="1" ind2=" " tag="775"><subfield code="t">Nashville Republican (Nashville, Tenn. : 1833 : Weekly)</subfield></datafield><datafield ind1="0" ind2="8" tag="776"><subfield code="i">Print version:</subfield><subfield code="t">Nashville Republican &amp; state gazette (Nashville, Tenn. : Semiweekly)</subfield><subfield code="w">(DLC)sn 85033710</subfield><subfield code="w">(OCoLC)12221521</subfield></datafield><datafield ind1="0" ind2="4" tag="780"><subfield code="t">Nashville Republican (Nashville, Tenn. : 1824)</subfield></datafield><datafield ind1="0" ind2="4" tag="780"><subfield code="t">Nashville gazette (Nashville, Tenn. 1819)</subfield></datafield><datafield ind1="0" ind2="0" tag="785"><subfield code="t">Nashville Republican (Nashville, Tenn. : Triweekly)</subfield><subfield code="w">(DLC)  2012263132</subfield><subfield code="w">(OCoLC)794979483</subfield></datafield><datafield ind1="4" ind2="0" tag="856"><subfield code="u">http://search.proquest.com/hnpnashvilletennessean/publicationbrowse/Main/</subfield></datafield></record>